<record><leader>00000cas a22000007a 4500</leader><controlfield tag="001">20535396</controlfield><controlfield tag="008">891023d19471949mduwr ne      0    0eng d</controlfield><datafield ind1=" " ind2=" " tag="010"><subfield code="a">sn 89060222 </subfield></datafield><datafield ind1=" " ind2=" " tag="040"><subfield code="a">MFN</subfield><subfield code="b">eng</subfield><subfield code="c">MFN</subfield><subfield code="d">OCLCQ</subfield></datafield><datafield ind1=" " ind2=" " tag="042"><subfield code="a">msc</subfield></datafield><datafield ind1="0" ind2=" " tag="130"><subfield code="a">County chronicle (Glen Burnie, Md.)</subfield></datafield><datafield ind1="1" ind2="4" tag="245"><subfield code="a">The county chronicle.</subfield></datafield><datafield ind1=" " ind2=" " tag="260"><subfield code="a">Glen Burnie, Md. :</subfield><subfield code="b">Chronicle Pub. Co.</subfield></datafield><datafield ind1=" " ind2=" " tag="300"><subfield code="a">v.</subfield></datafield><datafield ind1=" " ind2=" " tag="310"><subfield code="a">Weekly</subfield></datafield><datafield ind1="0" ind2=" " tag="362"><subfield code="a">Vol. 1, no. 1 (Sept. 26, 1947)-v. 2, no. 19 (Feb. 4, 1949).</subfield></datafield><datafield ind1=" " ind2=" " tag="752"><subfield code="a">United States</subfield><subfield code="b">Maryland</subfield><subfield code="c">Anne Arundel</subfield><subfield code="d">Glen Burnie.</subfield></datafield><datafield ind1="0" ind2="4" tag="785"><subfield code="t">Southern Maryland times</subfield><subfield code="w">(DLC)sn 89060147</subfield></datafield></record>